@article{thomas,
author = {Heuvel, Thomas and de bruijn, Dagmar and de Korte, Chris and Ginneken, Bram},
year = {2018},
month = {08},
pages = {e0200412},
title = {Automated measurement of fetal head circumference using 2D ultrasound images},
volume = {13},
journal = {PLOS ONE},
doi = {10.1371/journal.pone.0200412}
}

@article{lu,
author = {Lu, Wei and Tan, Jinglu and Floyd, Randall},
year = {2005},
month = {08},
pages = {929-36},
title = {Fetal head detection and measurement in ultrasound images by an iterative randomized Hough transform},
volume = {31},
journal = {Ultrasound in medicine \& biology},
doi = {10.1016/j.ultrasmedbio.2005.04.002}
}

@article{li,
author = {Li, Jing and Wang, Yi and Lei, Baiying and Cheng, Jie-Zhi and Qin, Jing and Wang, Tianfu and Li, Shenli and Ni, Dong},
year = {2017},
month = {05},
pages = {1-1},
title = {Automatic Fetal Head Circumference Measurement in Ultrasound Using Random Forest and Fast Ellipse Fitting},
volume = {PP},
journal = {IEEE Journal of Biomedical and Health Informatics},
doi = {10.1109/JBHI.2017.2703890}
}

@article{yamashita,
author = {Yamashita, Rikiya and Nishio, Mizuho and Do, Richard and Togashi, Kaori},
year = {2018},
month = {06},
pages = {},
title = {Convolutional neural networks: an overview and application in radiology},
volume = {9},
journal = {Insights into Imaging},
doi = {10.1007/s13244-018-0639-9}
}

@article{guidetocnn,
author = {Khan, Salman and Rahmani, Hossein and Shah, Syed and Bennamoun, Mohammed},
year = {2018},
month = {02},
pages = {1-207},
title = {A Guide to Convolutional Neural Networks for Computer Vision},
volume = {8},
journal = {Synthesis Lectures on Computer Vision},
doi = {10.2200/S00822ED1V01Y201712COV015}
}

@inproceedings{dlvstradition,
author = {Walsh, Joseph and O' Mahony, Niall and Campbell, Sean and Carvalho, Anderson and Krpalkova, Lenka and Velasco-Hernandez, Gustavo and Harapanahalli, Suman and Riordan, Daniel},
year = {2019},
month = {04},
pages = {},
title = {Deep Learning vs. Traditional Computer Vision},
isbn = {978-981-13-6209-5},
doi = {10.1007/978-3-030-17795-9_10}
}

@inbook{perceptron,
author = {Rosenblatt, Frank},
year = {2021},
month = {02},
pages = {183-190},
title = {The Perceptron: A Probabilistic Model for Information Storage and Organization (1958)},
isbn = {9780262363174},
doi = {10.7551/mitpress/12274.003.0020}
}

@inproceedings{xorproblem,
author = {Yanling, Zhao and Bimin, Deng and Zhanrong, Wang},
year = {2002},
month = {12},
pages = {168 - 173},
title = {Analysis and study of perceptron to solve XOR problem},
isbn = {0-7803-7624-2},
doi = {10.1109/IWADS.2002.1194667}
}

@inproceedings{backpropagation,
author = {Camargo, Luiz and Tissot, Hegler and Pozo, Aurora},
year = {2012},
month = {11},
pages = {78-86},
title = {Use of Backpropagation and Differential Evolution Algorithms to Training MLPs},
isbn = {978-1-4799-2937-5},
journal = {Proceedings - International Conference of the Chilean Computer Science Society, SCCC},
doi = {10.1109/SCCC.2012.17}
}

@article{lenet,
author = {Lecun, Yann and Bottou, Leon and Bengio, Y. and Haffner, Patrick},
year = {1998},
month = {12},
pages = {2278 - 2324},
title = {Gradient-Based Learning Applied to Document Recognition},
volume = {86},
journal = {Proceedings of the IEEE},
doi = {10.1109/5.726791}
}

@incollection{alexnet,
added-at = {2016-11-14T12:05:24.000+0100},
author = {Krizhevsky, Alex and Sutskever, Ilya and Hinton, Geoffrey E.},
biburl = {https://www.bibsonomy.org/bibtex/2886c491fe45049fee3c9660df30bb5c4/albinzehe},
booktitle = {Advances in Neural Information Processing Systems 25},
editor = {Pereira, F. and Burges, C. J. C. and Bottou, L. and Weinberger, K. Q.},
interhash = {74bbb5dea5afb1b088bd10e317f1f0d2},
intrahash = {886c491fe45049fee3c9660df30bb5c4},
keywords = {cnn deeplearning ma-zehe neuralnet},
pages = {1097--1105},
publisher = {Curran Associates, Inc.},
timestamp = {2016-11-14T12:05:24.000+0100},
title = {ImageNet Classification with Deep Convolutional Neural Networks},
url = {http://papers.nips.cc/paper/4824-imagenet-classification-with-deep-convolutional-neural-networks.pdf},
year = 2012
}

@InProceedings{vgg,
author       = "Karen Simonyan and Andrew Zisserman",
title        = "Very Deep Convolutional Networks for Large-Scale Image Recognition",
booktitle    = "International Conference on Learning Representations",
year         = "2015",
}

@INPROCEEDINGS{googlenet,  
author={C. {Szegedy} and  {Wei Liu} and  {Yangqing Jia} and P. {Sermanet} and S. {Reed} and D. {Anguelov} and D. {Erhan} and V. {Vanhoucke} and A. {Rabinovich}},  
booktitle={2015 IEEE Conference on Computer Vision and Pattern Recognition (CVPR)},   
title={Going deeper with convolutions},   
year={2015},  
volume={},  
number={},  
pages={1-9},  
doi={10.1109/CVPR.2015.7298594}
}

@inproceedings{resnet,
author = {He, Kaiming and Zhang, Xiangyu and Ren, Shaoqing and Sun, Jian},
year = {2016},
month = {06},
pages = {770-778},
title = {Deep Residual Learning for Image Recognition},
doi = {10.1109/CVPR.2016.90}
}

@inproceedings{rcnn,
author = {Girshick, Ross and Donahue, Jeff and Darrell, Trevor and Malik, Jitendra},
year = {2014},
month = {11},
pages = {},
title = {Rich feature hierarchies for accurate object detection and semantic segmentation}
}

@article{fastrcnn,
author = {Girshick, Ross},
year = {2015},
month = {04},
pages = {},
title = {Fast r-cnn},
doi = {10.1109/ICCV.2015.169}
}

@inproceedings{fasterrcnn,
author = {Ren, Shaoqing and He, Kaiming and Girshick, Ross and Sun, Jian},
year = {2016},
month = {01},
pages = {1-10},
title = {Faster R-CNN: Towards Real-Time Object Detection with Region Proposal Networks}
}

@article{maskrcnn,
author = {He, Kaiming and Gkioxari, Georgia and Dollar, Piotr and Girshick, Ross},
year = {2018},
month = {06},
pages = {1-1},
title = {Mask R-CNN},
volume = {PP},
journal = {IEEE Transactions on Pattern Analysis and Machine Intelligence},
doi = {10.1109/TPAMI.2018.2844175}
}

@inproceedings{fcn,
author = {Long, Jonathan and Shelhamer, Evan and Darrell, Trevor},
year = {2015},
month = {06},
pages = {3431-3440},
title = {Fully convolutional networks for semantic segmentation},
doi = {10.1109/CVPR.2015.7298965}
}

@book{dive2dl,
title={Dive into Deep Learning},
author={Aston Zhang and Zachary C. Lipton and Mu Li and Alexander J. Smola},
note={\url{http://www.d2l.ai}},
year={2019}
}

@article{gdoverview,
  title={An overview of gradient descent optimization algorithms},
  author={Ruder, Sebastian},
  journal={arXiv preprint arXiv:1609.04747},
  year={2016}
}

@article{adam,
author = {Kingma, Diederik and Ba, Jimmy},
year = {2014},
month = {12},
pages = {},
title = {Adam: A Method for Stochastic Optimization},
journal = {International Conference on Learning Representations}
}


@article{findContours,
  added-at = {2013-11-12T15:32:42.000+0100},
  author = {Suzuki, Satoshi and Abe, Keiichi},
  biburl = {https://www.bibsonomy.org/bibtex/2ad5f28891fb63752f5c5b739a8dcfc2d/himank},
  description = {dblp},
  ee = {http://dx.doi.org/10.1016/0734-189X(85)90016-7},
  interhash = {6ebecf05bd8fd5de51037ab7d86431fb},
  intrahash = {ad5f28891fb63752f5c5b739a8dcfc2d},
  journal = {Computer Vision, Graphics, and Image Processing},
  keywords = {algorithm contours draw to},
  number = 1,
  pages = {32-46},
  timestamp = {2013-11-12T15:32:42.000+0100},
  title = {Topological structural analysis of digitized binary images by border following.},
  url = {http://dblp.uni-trier.de/db/journals/cvgip/cvgip30.html#SuzukiA85},
  volume = 30,
  year = 1985
}

@article{direct_ellipse,
  title={Direct least squares fitting of ellipses},
  author={A. Fitzgibbon and M. Pilu and Robert B. Fisher},
  journal={Proceedings of 13th International Conference on Pattern Recognition},
  year={1996},
  volume={1},
  pages={253-257 vol.1}
}

@article{perimeter,
author = {Villarino, Mark},
year = {2005},
month = {07},
pages = {},
title = {Ramanujan's Perimeter of an Ellipse}
}